@article{optoelectronic_devices,
author = {Antoni Rogalski and Fang Wang and Jin Wang and Piotr Martyniuk and Weida Hu},
title = {The Perovskite Optoelectronic Devices â€“ A Look at the
Future},
journaltitle = {Small Methods},
date = {2024},
}

@article{lead_halide,
author = {Zewen Xiao and Zhaoning Song and Yanfa Yan},
title = {From Lead Halide Perovskites to Lead-Free Metal Halide Perovskites and Perovskite Derivatives},
journaltitle = {Advanced Materials},
date = {2019},
}

@article{screening,
author = {Wenhua Pu and Wei Xiao and Jianwei Wang and Xiaowu Li and Ligen Wang},
title = {Screening of perovskite materials for solar cell applications by
first-principles calculations},
journaltitle = {Elsevier},
date = {2020},
}

@article{chalcogen,
author = {George G. Njema and Joshua K. Kibet},
title = {A review of chalcogenide-based perovskites as the next novel materials:
Solar cell and optoelectronic applications, catalysis and future perspectives},
journaltitle = {Elsevier},
date = {2024},
}

@article{chacogen_raj,
author = {Rakshita Raj and Riya Singh and Mridula Guin},
title = {Chalcogenide Perovskite, An Emerging Photovoltaic Material: Current Status and Future Perspectives},
journaltitle = {Chemistry Select},
date = {2023},
}

@book{miyasaka,
author = {Tsutomu Miyasaka},
title = {Perovskite Photovoltaics and Optoelectronics},
date = {2022},
}

@book{ding,
author = {Liming Ding},
title = {Perovskite Materials and Devices},
date = {2022},
}

@article{qdperovskite,
author = {Zhan Xiaofeng},
title = {Progress on perovskite quantum dots and light-emitting diodes},
journaltitle = {Applied and Computational Engineering},
date = {2024},
}
